<record><leader>00000cas a22000007a 4500</leader><controlfield tag="001">45231689</controlfield><controlfield tag="008">001026c19959999nvuwr ne      0   a0eng c</controlfield><datafield ind1=" " ind2=" " tag="010"><subfield code="a">sn 00063026 </subfield></datafield><datafield ind1=" " ind2=" " tag="040"><subfield code="a">NYS</subfield><subfield code="b">eng</subfield><subfield code="c">NYS</subfield><subfield code="d">DLC</subfield><subfield code="d">OCLCQ</subfield><subfield code="d">OCLCF</subfield><subfield code="d">OCLCA</subfield></datafield><datafield ind1=" " ind2=" " tag="012"><subfield code="l">1</subfield></datafield><datafield ind1="0" ind2=" " tag="022"><subfield code="a">2152-9124</subfield><subfield code="2">1</subfield></datafield><datafield ind1="1" ind2=" " tag="029"><subfield code="a">AU@</subfield><subfield code="b">000022026495</subfield></datafield><datafield ind1=" " ind2=" " tag="037"><subfield code="b">The Wendover Times, PO Box 2717, Wendover, NV 89883</subfield><subfield code="c">$30.00 (6 months)</subfield><subfield code="c">$60.00 (1 yr.)</subfield></datafield><datafield ind1=" " ind2=" " tag="042"><subfield code="a">pcc</subfield><subfield code="a">nsdp</subfield></datafield><datafield ind1=" " ind2=" " tag="043"><subfield code="a">n-us-ut</subfield><subfield code="a">n-us-nv</subfield></datafield><datafield ind1="1" ind2="0" tag="050"><subfield code="a">ISSN RECORD</subfield></datafield><datafield ind1="1" ind2="0" tag="082"><subfield code="a">070</subfield><subfield code="2">14</subfield></datafield><datafield ind1=" " ind2="4" tag="222"><subfield code="a">The Wendover times</subfield></datafield><datafield ind1="0" ind2="4" tag="245"><subfield code="a">The Wendover times.</subfield></datafield><datafield ind1=" " ind2=" " tag="260"><subfield code="3">Mar. 1995- &lt;2009&gt;</subfield><subfield code="a">Wendover, UT :</subfield><subfield code="b">Wendover Times</subfield></datafield><datafield ind1="3" ind2=" " tag="260"><subfield code="3">2009-</subfield><subfield code="a">Wendover, NV :</subfield><subfield code="b">Randy Croasmun</subfield></datafield><datafield ind1=" " ind2=" " tag="300"><subfield code="a">v. :</subfield><subfield code="b">ill. ;</subfield><subfield code="c">58 cm.</subfield></datafield><datafield ind1=" " ind2=" " tag="310"><subfield code="a">Weekly (published on Friday)</subfield></datafield><datafield ind1="1" ind2=" " tag="362"><subfield code="a">Began Mar. 10, 1995.</subfield></datafield><datafield ind1=" " ind2=" " tag="500"><subfield code="a">"Wendover's #1 newspaper."</subfield></datafield><datafield ind1=" " ind2=" " tag="500"><subfield code="a">"Distributed in Northern Utah and Northern Nevada and every casino, hotel and motel in Wendover."</subfield></datafield><datafield ind1=" " ind2=" " tag="500"><subfield code="a">"Salt Lake - Lakepoint - Stansbury Park - Tooele - Grantsville - Wendover - West Wendover - Montello."</subfield></datafield><datafield ind1=" " ind2=" " tag="500"><subfield code="a">Editor: Deeanna Croasmun.</subfield></datafield><datafield ind1=" " ind2=" " tag="588"><subfield code="a">Description based on: Vol. 6, no. 37 (Sept. 15-22, 2000) = issue 288.</subfield></datafield><datafield ind1=" " ind2=" " tag="588"><subfield code="a">Latest issue consulted: Vol. 15, no. 43 (Oct. 16-22, 2009).</subfield></datafield><datafield ind1=" " ind2="0" tag="651"><subfield code="a">Wendover (Utah)</subfield><subfield code="v">Newspapers.</subfield></datafield><datafield ind1=" " ind2="0" tag="651"><subfield code="a">Tooele County (Utah)</subfield><subfield code="v">Newspapers.</subfield></datafield><datafield ind1=" " ind2="0" tag="651"><subfield code="a">West Wendover (Nev.)</subfield><subfield code="v">Newspapers.</subfield></datafield><datafield ind1=" " ind2="0" tag="651"><subfield code="a">Elko County (Nev.)</subfield><subfield code="v">Newspapers.</subfield></datafield><datafield ind1=" " ind2="7" tag="655"><subfield code="a">Newspapers.</subfield><subfield code="2">fast</subfield><subfield code="0">(OCoLC)fst01423814</subfield></datafield><datafield ind1=" " ind2="7" tag="651"><subfield code="a">Nevada</subfield><subfield code="z">Elko County.</subfield><subfield code="2">fast</subfield><subfield code="0">(OCoLC)fst01212729</subfield></datafield><datafield ind1=" " ind2="7" tag="651"><subfield code="a">Nevada</subfield><subfield code="z">West Wendover.</subfield><subfield code="2">fast</subfield><subfield code="0">(OCoLC)fst01305117</subfield></datafield><datafield ind1=" " ind2="7" tag="651"><subfield code="a">Utah</subfield><subfield code="z">Tooele County.</subfield><subfield code="2">fast</subfield><subfield code="0">(OCoLC)fst01218433</subfield></datafield><datafield ind1=" " ind2="7" tag="651"><subfield code="a">Utah</subfield><subfield code="z">Wendover.</subfield><subfield code="2">fast</subfield><subfield code="0">(OCoLC)fst01302294</subfield></datafield><datafield ind1=" " ind2=" " tag="752"><subfield code="a">United States</subfield><subfield code="b">Utah</subfield><subfield code="c">Tooele</subfield><subfield code="d">Wendover.</subfield></datafield><datafield ind1=" " ind2=" " tag="752"><subfield code="a">United States</subfield><subfield code="b">Nevada</subfield><subfield code="c">Elko</subfield><subfield code="d">West Wendover.</subfield></datafield></record>